@article
{
	medicalrestore1,
	author = {V M, A. and Mathew, J.},
	title = {A Review on Image Restoration in Medical Images},
	journal = { COMPUSOFT: An International Journal of Advanced Computer Technology},
	volume = {5},
	number = {4},
	pages = {1588-1591},
	year = {2024},
	doi = {}
}

@article
{
	medicalrestore2,
	title={A Review on Deep Learning in Medical Image Reconstruction},
	volume={8},
	ISSN={2194-6698},
	url={http://dx.doi.org/10.1007/s40305-019-00287-4},
	DOI={10.1007/s40305-019-00287-4},
	number={2},
	journal={Journal of the Operations Research Society of China},
	publisher={Springer Science and Business Media LLC},
	author={Zhang, Hai-Miao and Dong, Bin},
	year={2020},
	month=jan, pages={311–340}
}

@ARTICLE
{
	astronomyrestore1,
	author={Molina, R. and Nunez, J. and Cortijo, F.J. and Mateos, J.},
	journal={IEEE Signal Processing Magazine}, 
	title={Image restoration in astronomy: a Bayesian perspective}, 
	year={2001},
	volume={18},
	number={2},
	pages={11-29},
	keywords={Image restoration;Astronomy;Signal restoration;Digital images;Mirrors;Degradation;Image reconstruction;Space vehicles;Image recognition;Biomedical optical imaging},
	doi={10.1109/79.916318}
}

@INPROCEEDINGS
{
	securityrestore1,
	author={Fujii, Yusaku and Ito, Tadashi and Ohta, Naoya and Saitoh, Saburou and Matsuura, Tsutomu and Yamamoto, Takao},
	booktitle={2006 SICE-ICASE International Joint Conference}, 
	title={Importance of Developing Image Restoration Techniques for Security Cameras under Severe Conditions}, 
	year={2006},
	volume={},
	number={},
	pages={2560-2563},
	keywords={Image restoration;Cameras;Information security;Computer security;Lenses;Image processing;Lighting;Pixel;Computer science;Mathematics;criminal investigation;social security;image processing;security camera;image restoration;blur;Wiener filter},
	doi={10.1109/SICE.2006.314757}
}

@online
{
	VisibleBodyBlog,
	title = {5 Types of Medical Imaging},
	author = {Sarah Boudreau},
	year = {2023},
	url = {https://www.visiblebody.com/blog/5-types-of-medical-imaging},
}

@online
{
	OWLNet,
	title = {Introduction to Digital Image Processing},
	author = {{Rice University}},
	year = {1999},
	url = {https://www.owlnet.rice.edu/~elec539/Projects99/BACH/proj2/intro.html},
	note = {Accessed: 2024-05-15}
}

@online
{
	OWLNet_inverse,
	title = {Introduction to Digital Image Processing},
	author = {{Rice University}},
	year = {1999},
	url = {https://www.owlnet.rice.edu/~elec539/Projects99/BACH/proj2/inverse.html},
	note = {Accessed: 2024-05-15}
}

@online
{
	OWLNet_blind,
	title = {Introduction to Digital Image Processing},
	author = {{Rice University}},
	year = {1999},
	url = {https://www.owlnet.rice.edu/~elec539/Projects99/BACH/proj2/blind/bd.html},
	note = {Accessed: 2024-05-15}
}
@ARTICLE
{
	Wavelet,
	author={Banham, M.R. and Katsaggelos, A.K.},
	journal={IEEE Transactions on Image Processing}, 
	title={Spatially adaptive wavelet-based multiscale image restoration}, 
	year={1996},
	volume={5},
	number={4},
	pages={619-634},
	keywords={Image restoration;Wavelet domain;Filtering;Signal restoration;Deconvolution;Kalman filters;Smoothing methods;Discrete wavelet transforms;Computational efficiency;Signal to noise ratio},
	doi={10.1109/83.491338}
}
	
@online
{
	nvidia_dlss,
	title = {DLSS: Superescalado de IA para juegos},
	author = {{NVIDIA}},
	url = {https://www.nvidia.com/es-es/geforce/technologies/dlss/},
	note = {Accessed: 2024-05-15}
}

@online{amd_fsr,
	title = {FidelityFX Super Resolution},
	author = {{AMD}},
	url = {https://www.amd.com/es/products/graphics/technologies/fidelityfx/super-resolution.html},
	note = {Accessed: 2024-05-15}
}

@article
{
	ganinmedicine,
	title = {A new generative adversarial network for medical images super resolution},
	volume = {12},
	ISSN = {2045-2322},
	url = {http://dx.doi.org/10.1038/s41598-022-13658-4},
	DOI = {10.1038/s41598-022-13658-4},
	number = {1},
	journal = {Scientific Reports},
	publisher = {Springer Science and Business Media LLC},
	author = {Ahmad,  Waqar and Ali,  Hazrat and Shah,  Zubair and Azmat,  Shoaib},
	year = {2022},
	month = jun 
}

@online
{
	sonysurgicalimaging,
	title = {4K Upscaling Upgrades Surgical Imaging},
	author = {{Sony}},
	url = {https://pro.sony/ue_US/healthcare/imaging-innovations-insights/4k-upscaling-upgrades-surgical-imaging},
	note = {Accessed: 2024-05-15}
}

@article
{
	srastology,
	title = {Super resolution for astronomical observations},
	volume = {363},
	ISSN = {1572-946X},
	url = {http://dx.doi.org/10.1007/s10509-018-3315-0},
	DOI = {10.1007/s10509-018-3315-0},
	number = {5},
	journal = {Astrophysics and Space Science},
	publisher = {Springer Science and Business Media LLC},
	author = {Li,  Zhan and Peng,  Qingyu and Bhanu,  Bir and Zhang,  Qingfeng and He,  Haifeng},
	year = {2018},
	month = apr 
}

@online
{
	imagej2,
	title = {ImageJ2},
	author = {{ImageJ}},
	url = {https://imagej.net/software/imagej2/},
	note = {Accessed: 2024-05-16}
}

@online
{
	matlabinterpolation,
	author       = {{MathWorks}},
	title        = {Interpolation},
	url= {https://es.mathworks.com/help/matlab/interpolation.html},
	note = {Accessed: 2024-05-17}
}

@online
{
	fary,
	author       = {{{Biografías y Vidas}}},
	title        = {Fary},
	url= {https://www.biografiasyvidas.com/biografia/f/fary.htm},
	note = {Accessed: 2024-05-17}
}

@online
{
	flatten,
	author       = {SuperDataScience},
	title        = {Convolutional Neural Networks (CNN) Step 3: Flattening},
	year         = 2023,
	url          = {https://www.superdatascience.com/blogs/convolutional-neural-networks-cnn-step-3-flattening},
	note         = {Accessed: 2024-05-18}
}

@article
{
	neocognitron,
	title={Neocognitron: A self-organizing neural network model for a mechanism of pattern recognition unaffected by shift in position},
	author={Kunihiko Fukushima},
	journal={Biological Cybernetics},
	volume={36},
	number={4},
	pages={193--202},
	year={1980},
	publisher={Springer},
	url={https://www.cs.princeton.edu/courses/archive/spr08/cos598B/Readings/Fukushima1980.pdf}
}

@article
{
	LeCun1998,
	title={Gradient-Based Learning Applied to Document Recognition},
	author={Yann LeCun and Léon Bottou and Yoshua Bengio and Patrick Haffner},
	journal={Proceedings of the IEEE},
	volume={86},
	number={11},
	pages={2278--2324},
	year={1998},
	publisher={IEEE},
	url={http://yann.lecun.com/exdb/publis/pdf/lecun-01a.pdf}
}

@online
{
	Calvo,
	author = {Diego Calvo},
	title = {Red Neuronal Convolucional CNN},
	year = {2017},
	url = {https://www.diegocalvo.es/red-neuronal-convolucional/},
	note = {Accessed: 2024-05-18}
}

@online
{
	arqnn,
	title = {Arquitectura de Red Neuronal},
	author = {Gamco},
	url = {\url{https://gamco.es/glosario/arquitectura-de-red-neuronal/#:~:text=La%20arquitectura%20de%20red%20neuronal,y%20funcionamiento%20del%20cerebro%20humano.}},
	note = {Fecha de acceso: 2024-05-18}
}

@article
{
	autoencoder,
	title={Nonlinear Principal Component Analysis Using Autoassociative Neural Networks},
	author={Kramer, Mark A.},
	journal={Laboratory for Intelligent Systems in Process Engineering, Dept. of Chemical Engineering},
	year={1991}
}

@misc
{
	vae,
	title={Auto-Encoding Variational Bayes}, 
	author={Diederik P Kingma and Max Welling},
	year={2022},
	eprint={1312.6114},
	archivePrefix={arXiv},
	primaryClass={stat.ML}
}

@misc
{
	gan,
	title={Generative Adversarial Networks}, 
	author={Ian J. Goodfellow and Jean Pouget-Abadie and Mehdi Mirza and Bing Xu and David Warde-Farley and Sherjil Ozair and Aaron Courville and Yoshua Bengio},
	year={2014},
	eprint={1406.2661},
	archivePrefix={arXiv},
	primaryClass={stat.ML}
}

@article
{
	vae2,
	title={An Introduction to Variational Autoencoders},
	volume={12},
	ISSN={1935-8245},
	url={http://dx.doi.org/10.1561/2200000056},
	DOI={10.1561/2200000056},
	number={4},
	journal={Foundations and Trends® in Machine Learning},
	publisher={Now Publishers},
	author={Kingma, Diederik P. and Welling, Max},
	year={2019},
	pages={307–392} }
	
@article
{
	transposecv,
	title = {LS-Net: a convolutional neural network for leaf segmentation of rosette plants},
	volume = {34},
	ISSN = {1433-3058},
	url = {http://dx.doi.org/10.1007/s00521-022-07479-9},
	DOI = {10.1007/s00521-022-07479-9},
	number = {21},
	journal = {Neural Computing and Applications},
	publisher = {Springer Science and Business Media LLC},
	author = {Deb,  Mainak and Garai,  Arpan and Das,  Arunita and Dhal,  Krishna Gopal},
	year = {2022},
	month = jun,
	pages = {18511–18524}
}

@book
{
	neuronaartificial,
	author    = {Martin Anthony},
	title     = {Discrete Mathematics of Neural Networks: Selected Topics},
	year      = {2001},
	publisher = {Society for Industrial and Applied Mathematics (SIAM)},
	address   = {Philadelphia, PA},
	isbn      = {978-0-89871-480-7}
}

@misc
{
	neuronaibm,
	author       = {IBM},
	title        = {Multilayer Perceptron Architecture},
	year         = {2024},
	url          = {https://www.ibm.com/docs/es/spss-statistics/saas?topic=perceptron-architecture-multilayer},
	note         = {Accessed: 2024-05-19}
}

@book
{
	goodfellow,
	title={Deep Learning},
	author={Goodfellow, Ian and Bengio, Yoshua and Courville, Aaron},
	year={2016},
	publisher={MIT Press},
	address={Cambridge, MA},
	url={https://www.deeplearningbook.org/contents/mlp.html}
}

@misc
{
	drawio,
	author       = {Wikipedia contributors},
	title        = {Diagrams.net -- Wikipedia, The Free Encyclopedia},
	year         = 2024,
	url          = {https://en.wikipedia.org/wiki/Diagrams.net},
	note         = {Accessed: 2024-05-19}
}

@misc
{
	anacondaWiki,
	author       = {Wikipedia contributors},
	title        = {Anaconda (distribución de Python) -- Wikipedia, La Enciclopedia Libre},
	year         = {2024},
	url          = {https://es.wikipedia.org/wiki/Anaconda_(distribuci%C3%B3n_de_Python)},
	note         = {Accessed: 2024-05-19}
}

@misc
{
	anacondaRTD,
	author       = {Entrenamiento de Data Scientist en Python},
	title        = {Entorno de desarrollo Anaconda},
	year         = {2024},
	url          = {https://entrenamiento-data-scientist-python.readthedocs.io/leccion1/anaconda.html},
	note         = {Accessed: 2024-05-19}
}

@misc
{
	vscodeDocs,
	author       = {Microsoft},
	title        = {Visual Studio Code Documentation},
	year         = {2024},
	url          = {https://code.visualstudio.com/docs},
	note         = {Accessed: 2024-05-19}
}

@misc
{
	python,
	author       = {Wikipedia contributors},
	title        = {Python},
	year         = {2024},
	url          = {https://es.wikipedia.org/wiki/Python},
	note         = {Accessed: 2024-05-19}
}

@online
{
	vscodeicon,
	author = {Arun Potti},
	title = {How to instal VSC?},
	url = {https://community.dynamics.com/blogs/post/?postid=ca1db7e7-50d3-4ea3-9b8a-4dfa8e7a943e},
	note = {Accessed: 2024-05-19}
}


@online
{
	tensorflow_website,
	title = {TensorFlow},
	url = {https://www.tensorflow.org/?hl=es-419},
	note = {Accessed: 2024-05-19}
}

@online
{
	wiki_tensorflow,
	title = {TensorFlow},
	author = {Wikipedia contributors},
	url = {https://es.wikipedia.org/wiki/TensorFlow},
	note = {Accessed: 2024-05-19}
}

@online
{
	keras_website,
	title = {Keras},
	author = {{Keras Contributors}},
	url = {https://keras.io/},
	note = {Accessed: 2024-05-19}
}

@misc
{
	numpy,
	title = {{NumPy}},
	author = {{NumPy Contributors}},
	url = {https://numpy.org/},
	note = {Accessed: 2024-05-19}
}

@online
{
	jupyter,
	title = {{Project Jupyter}},
	author = {{Project Jupyter Contributors}},
	url = {https://jupyter.org/},
	note = {Accessed: 2024-05-19}
}

@misc
{
	jupyter_wikipedia,
	title = {{Proyecto Jupyter}},
	author = {{Wikipedia contributors}},
	url = {https://es.wikipedia.org/wiki/Proyecto_Jupyter},
	note = {Accessed: 2024-05-19}
}

@online
{
	excel_microsoft,
	title = {{Microsoft Excel}},
	author = {{Microsoft Corporation}},
	url = {https://www.microsoft.com/es-es/microsoft-365/excel},
	note = {Accessed: 2024-05-19}
}

@misc
{
	excel_wikipedia,
	title = {{Microsoft Excel}},
	author = {{Wikipedia contributors}},
	url = {https://es.wikipedia.org/wiki/Microsoft_Excel},
	note = {Accessed: 2024-05-19}
}

@inproceedings
{
	Agustsson_2017_CVPR_Workshops,
	author = {Agustsson, Eirikur and Timofte, Radu},
	title = {NTIRE 2017 Challenge on Single Image Super-Resolution: Dataset and Study},
	booktitle = {The IEEE Conference on Computer Vision and Pattern Recognition (CVPR) Workshops},
	month = {July},
	year = {2017},
	url = {https://data.vision.ee.ethz.ch/cvl/DIV2K/}
}

@INPROCEEDINGS
{
	8014884,
	author={Agustsson, Eirikur and Timofte, Radu},
	booktitle={2017 IEEE Conference on Computer Vision and Pattern Recognition Workshops (CVPRW)}, 
	title={NTIRE 2017 Challenge on Single Image Super-Resolution: Dataset and Study}, 
	year={2017},
	volume={},
	number={},
	pages={1122-1131},
	keywords={Image resolution;Atmospheric measurements;Particle measurements;Image quality;Image restoration;Degradation;Agriculture},
	doi={10.1109/CVPRW.2017.150}
}
	
@misc
{
	blzq2023gist,
	author = {blzq},
	title = {TensorFlow (Python) implementation of Gaussian blur of image with variable input kernel size and sigma},
	year = {2023},
	url = {https://gist.github.com/blzq/c87d42f45a8c5a53f5b393e27b1f5319},
	note = {Accessed: 2024-05-19}
}

@article{michelucci2022autoencoders,
	title={An Introduction to Autoencoders},
	author={Michelucci, Umberto},
	journal={arXiv preprint arXiv:2201.03898},
	year={2022},
	note={Available at \url{https://arxiv.org/abs/2201.03898}}
}

@inproceedings{pix2pix,
	title={Image-to-Image Translation with Conditional Adversarial Networks},
	author={Isola, Phillip and Zhu, Jun-Yan and Zhou, Tinghui and Efros, Alexei A},
	booktitle={Proceedings of the IEEE conference on computer vision and pattern recognition (CVPR)},
	pages={1125--1134},
	year={2017}
}